<?xml version="1.0" encoding="UTF-8"?><record xmlns="http://www.loc.gov/MARC21/slim" xmlns:cinclude="http://apache.org/cocoon/include/1.0" xmlns:zs="http://www.loc.gov/zing/srw/">
  <leader>00567nz  a2200145n  4500</leader>
  <controlfield tag="001">no2004049076</controlfield>
  <controlfield tag="003">DLC</controlfield>
  <controlfield tag="005">20040522071023.0</controlfield>
  <controlfield tag="008">040521n| acannaabn          |n ana     c</controlfield>
  <datafield tag="010" ind1=" " ind2=" ">
    <subfield code="a">no2004049076</subfield>
  </datafield>
  <datafield tag="035" ind1=" " ind2=" ">
    <subfield code="a">(OCoLC)oca06352882</subfield>
  </datafield>
  <datafield tag="040" ind1=" " ind2=" ">
    <subfield code="a">NIC-Mu</subfield>
    <subfield code="b">eng</subfield>
    <subfield code="c">NIC-Mu</subfield>
  </datafield>
  <datafield tag="110" ind1="2" ind2=" ">
    <subfield code="a">Perfect Houseplants (Musical group)</subfield>
  </datafield>
  <datafield tag="670" ind1=" " ind2=" ">
    <subfield code="a">Orlando Consort. Collection one, 2002:</subfield>
    <subfield code="b">container (Perfect Houseplants)</subfield>
  </datafield>
  <datafield tag="670" ind1=" " ind2=" ">
    <subfield code="a">Perfect Houseplants WWW site, May 21, 2004:</subfield>
    <subfield code="b">(Perfect Houseplants; jazz ensemble formed in 1992 by Marc Lockheart, Huw Warren, Dudley Philips, and Martin France)</subfield>
  </datafield>
</record>